<record><leader>00000cas a22000007a 4500</leader><controlfield tag="001">31430054</controlfield><controlfield tag="008">941109d19211922okuwr n       0    0eng d</controlfield><datafield ind1=" " ind2=" " tag="010"><subfield code="a">sn 94061268 </subfield></datafield><datafield ind1=" " ind2=" " tag="040"><subfield code="a">OBN</subfield><subfield code="b">eng</subfield><subfield code="c">OBN</subfield><subfield code="d">OCL</subfield><subfield code="d">OCLCQ</subfield><subfield code="d">OCLCO</subfield></datafield><datafield ind1="1" ind2=" " tag="029"><subfield code="a">AU@</subfield><subfield code="b">000011358218</subfield></datafield><datafield ind1=" " ind2=" " tag="042"><subfield code="a">msc</subfield></datafield><datafield ind1=" " ind2=" " tag="043"><subfield code="a">n-us-ok</subfield></datafield><datafield ind1="0" ind2=" " tag="130"><subfield code="a">Home news (Ames, Okla. : 1921)</subfield></datafield><datafield ind1="1" ind2="4" tag="245"><subfield code="a">The home news.</subfield></datafield><datafield ind1="1" ind2="7" tag="246"><subfield code="a">Ames review</subfield></datafield><datafield ind1=" " ind2=" " tag="260"><subfield code="a">Ames, Major County, Okla. :</subfield><subfield code="b">Elsie Shoemaker &amp; Bessie Yeoman</subfield></datafield><datafield ind1=" " ind2=" " tag="300"><subfield code="a">v.</subfield></datafield><datafield ind1=" " ind2=" " tag="310"><subfield code="a">Weekly</subfield></datafield><datafield ind1="0" ind2=" " tag="362"><subfield code="a">Vol. 1, no. 1 (Oct. 14, 1921)-v.1, no. 28 (Apr. 21, 1922).</subfield></datafield><datafield ind1=" " ind2="0" tag="651"><subfield code="a">Ames (Okla.)</subfield><subfield code="v">Newspapers.</subfield></datafield><datafield ind1=" " ind2="0" tag="651"><subfield code="a">Major County (Okla.)</subfield><subfield code="v">Newspapers.</subfield></datafield><datafield ind1="0" ind2="0" tag="785"><subfield code="t">Ames news</subfield><subfield code="w">(DLC)sn 94061267</subfield><subfield code="w">(OCoLC)31430122</subfield></datafield></record>